<record><leader>00000cas a2200000 a 4500</leader><controlfield tag="001">34057080</controlfield><controlfield tag="008">960119c19759999miuwn ne      0    0eng c</controlfield><datafield ind1=" " ind2=" " tag="010"><subfield code="a">sn 95077653 </subfield></datafield><datafield ind1=" " ind2=" " tag="040"><subfield code="a">MHN</subfield><subfield code="b">eng</subfield><subfield code="c">MHN</subfield><subfield code="d">OCL</subfield><subfield code="d">OCLCQ</subfield><subfield code="d">OCLCF</subfield><subfield code="d">OCLCO</subfield></datafield><datafield ind1="1" ind2=" " tag="029"><subfield code="a">AU@</subfield><subfield code="b">000012204809</subfield></datafield><datafield ind1=" " ind2=" " tag="042"><subfield code="a">pcc</subfield></datafield><datafield ind1=" " ind2=" " tag="043"><subfield code="a">n-us-mi</subfield></datafield><datafield ind1="0" ind2=" " tag="130"><subfield code="a">Lanthorn (Allendale, Mich. : 1975)</subfield></datafield><datafield ind1="1" ind2="0" tag="245"><subfield code="a">Lanthorn.</subfield></datafield><datafield ind1="3" ind2=" " tag="246"><subfield code="a">LanToon</subfield></datafield><datafield ind1=" " ind2=" " tag="260"><subfield code="a">Allendale, Mich. :</subfield><subfield code="b">Grand Valley State Colleges</subfield></datafield><datafield ind1=" " ind2=" " tag="300"><subfield code="a">v.</subfield></datafield><datafield ind1=" " ind2=" " tag="310"><subfield code="a">Weekly during the academic year; semimonthly during the summer academic session</subfield></datafield><datafield ind1="0" ind2=" " tag="362"><subfield code="a">Vol. 7, no. 23 (Apr. 10, 1975)-</subfield></datafield><datafield ind1=" " ind2=" " tag="500"><subfield code="a">Student newspaper.</subfield></datafield><datafield ind1=" " ind2=" " tag="525"><subfield code="a">Special humorous issues entitled LanToon published sporadically and included inside the newspaper.</subfield></datafield><datafield ind1="2" ind2="0" tag="610"><subfield code="a">Grand Valley State College</subfield><subfield code="v">Newspapers.</subfield></datafield><datafield ind1="2" ind2="0" tag="610"><subfield code="a">Grand Valley State Colleges</subfield><subfield code="v">Newspapers.</subfield></datafield><datafield ind1="2" ind2="0" tag="610"><subfield code="a">Grand Valley State University</subfield><subfield code="v">Newspapers.</subfield></datafield><datafield ind1=" " ind2="0" tag="651"><subfield code="a">Allendale (Mich.)</subfield><subfield code="v">Newspapers.</subfield></datafield><datafield ind1=" " ind2="0" tag="651"><subfield code="a">Ottawa County (Mich.)</subfield><subfield code="v">Newspapers.</subfield></datafield><datafield ind1=" " ind2="7" tag="655"><subfield code="a">Newspapers.</subfield><subfield code="2">fast</subfield><subfield code="0">(OCoLC)fst01423814</subfield></datafield><datafield ind1="2" ind2="7" tag="610"><subfield code="a">Grand Valley State College.</subfield><subfield code="2">fast</subfield><subfield code="0">(OCoLC)fst00605993</subfield></datafield><datafield ind1="2" ind2="7" tag="610"><subfield code="a">Grand Valley State Colleges.</subfield><subfield code="2">fast</subfield><subfield code="0">(OCoLC)fst00605992</subfield></datafield><datafield ind1="2" ind2="7" tag="610"><subfield code="a">Grand Valley State University.</subfield><subfield code="2">fast</subfield><subfield code="0">(OCoLC)fst00778714</subfield></datafield><datafield ind1=" " ind2="7" tag="651"><subfield code="a">Michigan</subfield><subfield code="z">Allendale.</subfield><subfield code="2">fast</subfield><subfield code="0">(OCoLC)fst01258614</subfield></datafield><datafield ind1=" " ind2="7" tag="651"><subfield code="a">Michigan</subfield><subfield code="z">Ottawa County.</subfield><subfield code="2">fast</subfield><subfield code="0">(OCoLC)fst01214763</subfield></datafield><datafield ind1="2" ind2=" " tag="710"><subfield code="a">Grand Valley State College.</subfield></datafield><datafield ind1="2" ind2=" " tag="710"><subfield code="a">Grand Valley State Colleges.</subfield></datafield><datafield ind1="2" ind2=" " tag="710"><subfield code="a">Grand Valley State University.</subfield></datafield><datafield ind1=" " ind2=" " tag="752"><subfield code="a">United States</subfield><subfield code="b">Michigan</subfield><subfield code="c">Ottawa</subfield><subfield code="d">Allendale.</subfield></datafield><datafield ind1="0" ind2="0" tag="780"><subfield code="t">Grand Valley State Colleges lanthorn</subfield><subfield code="w">(DLC)sn 95077652</subfield><subfield code="w">(OCoLC)34056985</subfield></datafield></record>